\DeclareNameAlias[collection]{author}{given-family:plain}
\DeclareNameAlias[collection]{editor}{given-family:plain}
\DeclareNameAlias[incollection]{editor}{given-family:plain}

@misc{haldane,
	author = {John Burdon Sanderson Haldane},
	title = {DAEDALUS or Science and the Future},
	howpublished = {\url{http://bactra.org/Daedalus.html}},
	month = "February",
	year = "1923",	
	note = "accessed on: 19.11.2021",
}

@incollection{progressRate,
	author = {Grinin, Leonid and Grinin, Anton and Korotayev, Andrey},
	title = {Dynamics of Technological Growth Rate and the Forthcoming Singularity},
  	booktitle = {The 21st Century Singularity and Global Futures},
  	publisher = {Springer},
	month = {January},
  	year = {2020},
  	editor = {{Andrey V. Korotayev} and {David J. LePoire}},
  	pages = {287-344},
	isbn = {978-3-030-33729-2},
	doi = {10.1007/978-3-030-33730-8\_14}
}

@misc{transhumanismEarlyThinking,
	title = {Wikipedia - Transhumanism - Early transhumanist thinking},
	howpublished = {\url{https://en.wikipedia.org/wiki/Transhumanism#Early_transhumanist_thinking}},
	note = "Accessed on: 19.11.2021",
}

@misc{transhumanismHistoryLighthall,
	title = {The History of the Word "Transhumanism"},
	howpublished = {\url{https://www.theologyplus.org/the-history-of-the-word-transhumanism/}},
	note = {Accessed on: 19.11.2021},
}

@inbook{transhumanismHistoryHuxley,
  	author    = {Julian Huxley},
  	title     = {New Bottles for New Wine Essays},
  	chapter   = {Transhumanism},
  	pages = {13-18},
  	publisher = {Chatto \& Windus},
	month = {January},
  	year      = {1957},
}

@misc{transhumanistFAQ:1,
	title = {Transhumanist FAQ - What is Transhumanism},
	howpublished = {\url{https://www.humanityplus.org/transhumanist-faq}},
	note = "Accessed on: 19.11.2021",
}

@misc{transTermDictionary,
	title = {Trans- as a prefix},
	howpublished = {\url{https://en.wikipedia.org/wiki/Trans}},
	note= {Accessed on: 19.11.2021},
}

@misc{humanismTermWiki,
	title = {Humanism},
	howpublished = {\url{https://en.wikipedia.org/wiki/Humanism}},
	note= {Accessed on: 19.11.2021},
}





% Brain, recreated
@misc{humanBrainWiki,
	title = {Wikipedia - Human Brain},
	howpublished = {\url{https://en.wikipedia.org/wiki/Human_brain}},
	note = {Accessed on: 20.11.2021},
}
@misc{lackofoxygen,
	title = {CPR - adult and child after onset of puberty},
	howpublished = {\url{https://medlineplus.gov/ency/article/000013.htm}},
	note = {Accessed on: 20.11.2021},
}
@misc{wikipediaStroke,
	title = {Wikipedia - stroke},
	howpublished = {\url{https://en.wikipedia.org/wiki/Stroke}},
	note = {Accessed on: 20.11.2021},
}
@article{brainAging,
	title = {Ageing and the brain},
	author = {Peters, R.},
	year={2006},
	month={February},
	journal = {Postgraduate Medical Journal},
	volume = {82},
	issue = {964},
	pages = {84-88},
	doi = {10.1136/pgmj.2005.036665},
	issn = {0032-5473},
	publisher={BMJ Group},
}	
@incollection{sim:1,
	author = {Koene, Randal A.},
	title = {Uploading to Substrate-Independent Minds},
  	booktitle = {The Transhumanist Reader},
  	publisher = {Wiley-Blackwell},
  	year = {2013},
  	editor = {{More, Max} and {Vita-More, Natasha}},
  	pages = {146},
	isbn = {978-1-118-33431-7},
}
@misc{sim:2,
	title = {Pattern survival versus gene survival},
	author={Koene, Randal A.},
	month={February},
	year={2011},
	howpublished = {\url{https://www.kurzweilai.net/pattern-survival-versus-gene-survival}},
	note = {Accessed on: 20.11.2021},
}
@misc{sim:3,
	title = {Achieving substrate-independent minds: no, we cannot ‘copy’ brains},
	author={Koene, Randal A.},
	month={August},
	year={2011},
	howpublished = {\url{https://www.kurzweilai.net/achieving-substrate-independent-minds-no-we-cannot-copy-brains}},
	note = {Accessed on: 20.11.2021},
}
@incollection{sim:4,
	author = {Koene, Randal A.},
	title = {Uploading to Substrate-Independent Minds},
  	booktitle = {The Transhumanist Reader},
  	publisher = {Wiley-Blackwell},
  	year = {2013},
  	editor = {{More, Max} and {Vita-More, Natasha}},
  	pages = {154},
	isbn = {978-1-118-33431-7},
}
@incollection{wbe:1,
	author = {Koene, Randal A.},
	title = {Uploading to Substrate-Independent Minds},
  	booktitle = {The Transhumanist Reader},
  	publisher = {Wiley-Blackwell},
  	year = {2013},
  	editor = {{More, Max} and {Vita-More, Natasha}},
  	pages = {147},
	isbn = {978-1-118-33431-7},
}
@misc{wbe:2,
	title = {Whole Brain Emulation: A Roadmap},
	author={{Anders Sandberg} and {Nick Bostrom}},
	year={2008},
	howpublished = {\url{https://www.fhi.ox.ac.uk/brain-emulation-roadmap-report.pdf}},
	note = {Accessed on: 20.11.2021},
}
@incollection{uploading:1,
	author = {Merkle, Ralph C.},
	title = {Uploading},
  	booktitle = {The Transhumanist Reader},
  	publisher = {Wiley-Blackwell},
  	year = {2013},
  	editor = {{More, Max} and {Vita-More, Natasha}},
  	pages = {157},
	isbn = {978-1-118-33431-7},
}
@incollection{uploading:2,
	author = {Merkle, Ralph C.},
	title = {Uploading},
  	booktitle = {The Transhumanist Reader},
  	publisher = {Wiley-Blackwell},
  	year = {2013},
  	editor = {{More, Max} and {Vita-More, Natasha}},
  	pages = {158},
	isbn = {978-1-118-33431-7},
}
@misc{statista:capacity,
	title = {Data center storage capacity worldwide from 2016 to 2021, by segment (in exabytes)},
	author: = {Kimberly Mlitz},
	year = {2021},
	howpublished = {\url{https://www.statista.com/statistics/638593/worldwide-data-center-storage-capacity-cloud-vs-traditional/}},
	note = {Accessed on 26.11.2021},
}
@incollection{uploading:3,
	author = {Merkle, Ralph C.},
	title = {Uploading},
  	booktitle = {The Transhumanist Reader},
  	publisher = {Wiley-Blackwell},
  	year = {2013},
  	editor = {{More, Max} and {Vita-More, Natasha}},
  	pages = {161},
	isbn = {978-1-118-33431-7},
}
@misc{wikipediaSupercomputer,
	title = {Wikipedia - Supercomputer (Performance Measurement)},
	howpublished = {\url{https://en.wikipedia.org/wiki/Supercomputer}},
	note = {Accessed on 26.11.2021},
}







@article{turing,
	author = {Turing, Alan},
	year = {1950},
	month = {October},
	pages = {433-460},
	title = {Computing Machinery and Intelligence},
	volume = {49},
	journal = {Mind},
	doi = {10.1093/mind/LIX.236.433}
}
@misc{wikipediaAgi,
	title = {Wikipedia - Artifical general intelligence},
	howpublished = {\url{https://en.wikipedia.org/wiki/Artificial_general_intelligence}},
	note = {Accessed on: 24.11.2021},
}